<?xml version="1.0" encoding="UTF-8"?><record xmlns="http://www.loc.gov/MARC21/slim" xmlns:cinclude="http://apache.org/cocoon/include/1.0" xmlns:zs="http://www.loc.gov/zing/srw/">
  <leader>00348cz  a2200121n  4500</leader>
  <controlfield tag="001">n  90642760 </controlfield>
  <controlfield tag="003">DLC</controlfield>
  <controlfield tag="005">20021113173153.0</controlfield>
  <controlfield tag="008">900510n| acannaab           |n aaa      </controlfield>
  <datafield tag="010" ind1=" " ind2=" ">
    <subfield code="a">n  90642760 </subfield>
  </datafield>
  <datafield tag="040" ind1=" " ind2=" ">
    <subfield code="a">DLC</subfield>
    <subfield code="c">DLC</subfield>
    <subfield code="d">DLC</subfield>
  </datafield>
  <datafield tag="100" ind1="1" ind2=" ">
    <subfield code="a">Gonzo, Anna</subfield>
  </datafield>
  <datafield tag="670" ind1=" " ind2=" ">
    <subfield code="a">Her Gli incunaboli e le cinquecentine della Parrocchia di S. Maria ... 1988:</subfield>
    <subfield code="b">t.p. (Anna Gonzo)</subfield>
  </datafield>
</record>